<record><leader>00000cas a2200000 a 4500</leader><controlfield tag="001">15908425</controlfield><controlfield tag="008">870611d18971973iluwr ne      0   a0eng c</controlfield><datafield ind1=" " ind2=" " tag="010"><subfield code="a">sn 87082821 </subfield></datafield><datafield ind1=" " ind2=" " tag="040"><subfield code="a">NPV</subfield><subfield code="b">eng</subfield><subfield code="c">NPV</subfield><subfield code="d">NVF</subfield><subfield code="d">OCLCF</subfield><subfield code="d">NVF</subfield><subfield code="d">OCLCO</subfield></datafield><datafield ind1="1" ind2=" " tag="029"><subfield code="a">AU@</subfield><subfield code="b">000020473994</subfield></datafield><datafield ind1=" " ind2=" " tag="042"><subfield code="a">pcc</subfield></datafield><datafield ind1=" " ind2=" " tag="043"><subfield code="a">n-us-il</subfield></datafield><datafield ind1="0" ind2=" " tag="130"><subfield code="a">Millstadt enterprise (Millstadt, Ill. : 1897)</subfield></datafield><datafield ind1="1" ind2="0" tag="245"><subfield code="a">Millstadt enterprise.</subfield></datafield><datafield ind1="1" ind2=" " tag="246"><subfield code="i">Published as:</subfield><subfield code="a">Service edition</subfield><subfield code="f">Sept. 27, 1945</subfield></datafield><datafield ind1=" " ind2=" " tag="260"><subfield code="a">Millstadt, St. Clair County, Ill. :</subfield><subfield code="b">Edson W. Cross,</subfield><subfield code="c">1897-1973.</subfield></datafield><datafield ind1=" " ind2=" " tag="300"><subfield code="a">v.</subfield></datafield><datafield ind1=" " ind2=" " tag="310"><subfield code="a">Weekly</subfield></datafield><datafield ind1="0" ind2=" " tag="362"><subfield code="a">Vol. 1, no. 1 (May 14, 1897)-Aug. 29, 1973.</subfield></datafield><datafield ind1=" " ind2=" " tag="580"><subfield code="a">Merged with: Canteen news (East Saint Louis, Ill.), to form: Enterprise (Millstadt, Ill.).</subfield></datafield><datafield ind1=" " ind2="0" tag="651"><subfield code="a">Millstadt (Ill.)</subfield><subfield code="v">Newspapers.</subfield></datafield><datafield ind1=" " ind2="7" tag="651"><subfield code="a">Illinois</subfield><subfield code="z">Millstadt.</subfield><subfield code="2">fast</subfield><subfield code="0">(OCoLC)fst01208858</subfield></datafield><datafield ind1=" " ind2="7" tag="655"><subfield code="a">Newspapers.</subfield><subfield code="2">fast</subfield><subfield code="0">(OCoLC)fst01423814</subfield></datafield><datafield ind1=" " ind2=" " tag="752"><subfield code="a">United States</subfield><subfield code="b">Illinois</subfield><subfield code="c">Saint Clair</subfield><subfield code="d">Millstadt.</subfield></datafield><datafield ind1="1" ind2="7" tag="785"><subfield code="t">Canteen news (East Saint Louis, Ill.)</subfield><subfield code="w">(DLC)sn 91054201</subfield><subfield code="w">(OCoLC)24861356</subfield></datafield><datafield ind1="1" ind2="7" tag="785"><subfield code="t">Enterprise (Millstadt, Ill.)</subfield><subfield code="w">(DLC)sn 91054202</subfield><subfield code="w">(OCoLC)24861406</subfield></datafield></record>